@article{giannozzi2009quantum,
  title={QUANTUM ESPRESSO: a modular and open-source software project for quantum simulations of materials},
  author={Giannozzi, Paolo and Baroni, Stefano and Bonini, Nicola and Calandra, Matteo and Car, Roberto and Cavazzoni, Carlo and Ceresoli, Davide and Chiarotti, Guido L and Cococcioni, Matteo and Dabo, Ismaila and others},
  journal={Journal of physics: Condensed matter},
  volume={21},
  number={39},
  pages={395502},
  year={2009},
  publisher={IOP Publishing}
}

@book{martin2004electronic,
  title={Electronic structure: basic theory and practical methods},
  author={Martin, Richard M},
  year={2004},
  publisher={Cambridge university press}
}

@article{mehl1994first,
  title={First-principles calculation of elastic properties},
  author={Mehl, Michael J and Klein, Barry M and Papaconstantopoulos, Dimitris A},
  journal={Intermetallic Compounds},
  volume={1},
  pages={195--210},
  year={1994},
  publisher={J. Wiley \& Sons Ltd: New York}
}

@article{monkhorst1976special,
  title={Special points for Brillouin-zone integrations},
  author={Monkhorst, Hendrik J and Pack, James D},
  journal={Physical review B},
  volume={13},
  number={12},
  pages={5188},
  year={1976},
  publisher={APS}
}

@book{sholl2011density,
  title={Density functional theory: a practical introduction},
  author={Sholl, David and Steckel, Janice A},
  year={2011},
  publisher={John Wiley \& Sons}
}


